@Article{zapp,
  author = 	 {F.~Giannakopoulos and O.~Oster},
  title = 	{Bifurcation properties of a planar system modelling neural activity},
  journal = 	 { J. Differential Equations Dynam. Systems},
  year = 	 {1997},
  OPTkey = 	 {},
  volume = 	 {5},
  number = 	 {3/4},
  OPTpages = 	 {},
  OPTmonth = 	 {},
  OPTnote = 	 {},
  OPTannote = 	 {}
}

@TECHREPORT {homoclinic,
  AUTHOR = "Samaey, G. and Engelborghs, K. and Roose, D.",
  YEAR = {2001},
  MONTH = oct,
  TITLE = {{N}umerical computation of connecting orbits in delay differential equations },
  URL = {http://www.cs.kuleuven.ac.be/publicaties/rapporten/tw/TW329.abs.html},
  TYPE = {Report TW},
  NUMBER = {329},
  PAGES = {20},
  INSTITUTION = {Department of Computer Science, K.U.Leuven},
  ADDRESS = {Leuven, Belgium},
}

@BOOK { Argy94,
	AUTHOR = "J. Argyris and G. Faust and M. Haase",
	TITLE = "An Exploration of Chaos --- An Introduction for Natural Scientists
		 and Engineers",
	PUBLISHER = "North Holland Amsterdam",
	YEAR = 1994,
	LOCATION = "TCPW 51/W7-187"
	}

@BOOK { Azbe91,
	AUTHOR = "N. V. Azbelev and V. P. Maksimov and L. F. Rakhmatullina",
	TITLE = "Introduction to the Theory of Functional Differential Equations",
	PUBLISHER = "Nauka",
	ADDRESS	= "Moscow",
	YEAR = 1991,
	NOTE = "(in Russian)",
	}

@ARTICLE { Back92,
	AUTHOR = "A. Back and J. Guckenheimer and M. Myers and F. Wicklin and
	          P. Worfolk",
	TITLE = "{DsTool}: Computer Assisted Exploration of Dynamical Systems",
	JOURNAL = "AMS Notices",
	VOLUME = 39,
	PAGES = "303--309",
	YEAR = 1992
	}

@BOOK { Bell63,
	AUTHOR = "R. Bellman and K. L. Cooke",
	TITLE = "Differential-Difference Equations",
	SERIES = "Mathematics in science and engineering",
	VOLUME = 6,
	PUBLISHER = "{A}cademic {P}ress",
	YEAR = 1963
	}

@BOOK { Chow82,
	AUTHOR = "S.-N. Chow and J. K. Hale",
	TITLE = "Methods of Bifurcation Theory",
	YEAR = 1982,
	PUBLISHER = "Springer-Verlag"
	}

@BOOK { Diek95,
	AUTHOR = "O. Diekmann and van Gils, S. A. and Verduyn Lunel, S. M. and
	          H.-O. Walther",
	TITLE = "Delay Equations: {Functional-,} {Complex-,} and Nonlinear Analysis",
	PUBLISHER = "Springer-Verlag",
	YEAR = 1995,
	SERIES = "Applied Mathematical Sciences",
	VOLUME = 110,
	LOCATION = "TCPW 51/W7-193"
	}

@MANUAL { Doed99,
	AUTHOR = "E. J. Doedel and A. R. Champneys and T. F. Fairgrieve and
	          Y. A. Kuznetsov and B. Sandstede and X. Wang",
	TITLE = "{AUTO97}: Continuation and bifurcation software for ordinary
	        differential equations; available by {FTP} from {ftp.cs.concordia.ca}
	        in directory {pub/doedel/auto}."
	}
@INCOLLECTION{Doed07,
  author = {Doedel, E J},
  title = {{Lecture notes on numerical analysis of nonlinear equations}},
  booktitle = {Numerical Continuation Methods for Dynamical Systems: Path following
	and boundary value problems},
  publisher = {Springer-{V}erlag},
  year = {2007},
  editor = {Krauskopf, B and Osinga, H M and Gal\'{a}n-Vioque, J},
  pages = {1--49},
  address = {Dordrecht}
}

@BOOK { Driv77,
	AUTHOR = "R. D. Driver",
	TITLE = "Ordinary and Delay Differential Equations",
	SERIES = "Applied Mathematical Science",
	VOLUME = 20,
	PUBLISHER = "Springer-Verlag",
	YEAR = 1977
	}

@BOOK { El's73,
	AUTHOR = "L. E. El'sgol'ts and S. B. Norkin",
	TITLE = "Introduction to the Theory and Application of Differential Equations 
		 with Deviating Arguments",
	SERIES = "Mathematics in science and engineering",
	VOLUME = 105,
	PUBLISHER = "{A}cademic {P}ress",
	YEAR = 1973
	}

@ARTICLE { Enge99a,
	AUTHOR = "K. Engelborghs and D. Roose",
	TITLE = "Numerical computation of stability and detection of {H}opf 
		 bifurcations of steady state solutions of delay differential 
	         equations",
	JOURNAL = "Advances in Computational Mathematics",
	YEAR = 1999,
	VOLUME = 10,
	NUMBER = "3--4",
	PAGES = "271--289"
	}

@ARTICLE { Enge99b,
        AUTHOR = "K. Engelborghs and T. Luzyanina and in {\'{}}t Hout, K. J. 
                  and D. Roose",
        TITLE = "Collocation methods for the computation of periodic 
                 solutions of delay differential equations",
	JOURNAL = "SIAM J. Sci. Comput.",
        YEAR = 2000,
	VOLUME = 22,
	PAGES = "1593-1609"
        }

@PHDTHESIS { Enge00,
	AUTHOR = "K. Engelborghs",
	TITLE = "Numerical Bifurcation Analysis of Delay Differential Equations",
	SCHOOL = "Department of Computer Science, Katholieke Universiteit Leuven",
	ADDRESS = "Leuven, Belgium",
	YEAR = 2000,
	MONTH = may
	}

@ARTICLE { Enri97,
	AUTHOR = "W. H. Enright and H. Hayashi",
	TITLE = "A delay differential equation solver based on a continuous
		 {R}unge-{K}utta method with defect control",
	JOURNAL = "Numer. Algorithms",
	VOLUME = 16,
	YEAR = 1997,
	PAGES = "349--364"
	}

@MANUAL { Erme98,
	AUTHOR = "B. Ermentrout",
	TITLE = "{XPPAUT}3.91 - The differential equations tool",
	ORGANIZATION = "University of Pittsburgh",
	ADDRESS = "Pittsburgh",
	YEAR = "(http://www.pitt.edu/{$\sim$}phase/) 1998",
	}

@BOOK{ Guck83,
	AUTHOR = "J. Guckenheimer and P. Holmes",
	TITLE = "Nonlinear Oscillations, Dynamical Systems and Bifurcations of
	         Vector Fields",
	PUBLISHER = "Springer-Verlag New York",
	YEAR = 1983
	}

@BOOK { Hale77a,
	AUTHOR = "Hale, J. K.",
	TITLE = "Theory of Functional Differential Equations",
	PUBLISHER = "Springer-Verlag",
	YEAR = 1977,
	SERIES = "Applied Mathematical Sciences",
	VOLUME = 3,
	LOCATION = "WWIS 517.96"
	}

@BOOK { Hale93,
	AUTHOR = "J. K. Hale and Verduyn Lunel, S. M.",
	TITLE = "Introduction to Functional Differential Equations",
	PUBLISHER = "Springer-Verlag",
	SERIES = "Applied Mathematical Sciences",
	VOLUME = 99,
	YEAR = 1993,
	LOCATION = "TCPW 51/W7-197"
	}

@ARTICLE { Hong96,
	AUTHOR = "T. Hong-Jiong and K. Jiao-Xun",
	TITLE = "The numerical stability of linear multistep methods for
		 delay differential equations with many delays",
	JOURNAL = "SIAM Journal of Numerical Analysis",
	VOLUME = 33,
	NUMBER = 3,
	PAGES = "883--889",
	MONTH = jun,
	YEAR = 1996
	}

@MANUAL { Khib92,
	AUTHOR = "A. I. Khibnik and Yu. A. Kuznetsov and V. V. Levitin and E. N. 
		  Nikolaev",
	TITLE = "{LOCBIF}: Interactive Local Bifurcation Analyzer, version 2.2",
	ORGANIZATION = "Institute of Mathematical Problems in Biology, Russian Academy 
			of Sciences",
	ADDRESS = "Pushchino",
	YEAR = 1992
	}

@BOOK { Kolm86,
	AUTHOR = "V. B. Kolmanovskii and V. R. Nosov",
	TITLE = "Stability of functional differential equations",
	PUBLISHER = "Academic Press",
	YEAR = 1986,
	SERIES = "Mathematics in Science and Engineering",
	VOLUME = 180
	}		

@BOOK { Kolm92,
	AUTHOR = "V. Kolmanovskii and A. Myshkis",
	TITLE = "Applied Theory of Functional Differential Equations",
	PUBLISHER = "Kluwer Academic Publishers",
	YEAR = 1992,
	SERIES = "Mathematics and Its Applications",
	VOLUME = 85
	}

@BOOK { Kolm99,
	AUTHOR = "V. B. Kolmanovskii and A. Myshkis",
	TITLE = "Introduction to the theory and application of functional
		 differential equations",
	PUBLISHER = "Kluwer Academic Publishers",
	YEAR = 1999,
	SERIES = "Mathematics and its applications",
	VOLUME = 463
	}

@BOOK{Kuzn04,
  title = {{Elements of Applied Bifurcation Theory}},
  publisher = {Springer-Verlag},
  year = {2004},
  author = {Kuznetsov, Y. A},
  volume = {112},
  pages = {xxii+631},
  series = {Applied Mathematical Sciences},
  address = {New York},
  edition = {Third},
  isbn = {0-387-21906-4}
}
@MANUAL { Kuzn97,
	AUTHOR = "Yu. A. Kuznetsov and V. V. Levitin",
	TITLE = "{CONTENT}: A multiplatform environment for analyzing dynamical
	         systems",
	NOTE = "Dynamical Systems Laboratory, Centrum voor Wiskunde en Informatica;
	available via {ftp.cwi.nl} in directory {pub/CONTENT}"
	}

@ARTICLE { Luzy96,
	 AUTHOR = "T. Luzyanina and D. Roose",
	 TITLE = "Numerical stability analysis and computation of {Hopf} bifurcation
		  points for delay differential equations",
	 JOURNAL = "Journal of Computational and Applied Mathematics",
	 VOLUME = 72,
	 PAGES = "379--392",
         YEAR = 1996
         }

@UNPUBLISHED { Mat00,
	AUTHOR = "The MathWorks Inc.",
	TITLE = "{MATLAB}",
        NOTE=" Natick, Massachusetts, United States"
	}

@TECHREPORT { Paul95,
	AUTHOR = "C. A. H. Paul",
	TITLE = "A user-guide to {A}rchi - an explicit {R}unge-{K}utta code for solving 
		 delay and neutral differential equations",
	NUMBER = 283,
	INSTITUTION = "The University of Manchester, Manchester Center for 
		       Computational Mathematics",
	MONTH = "December",
	YEAR = 1997
	}

@BOOK { Seyd94,
	AUTHOR = "Seydel, R.",
	TITLE = "Practical Bifurcation and Stability Analysis --- From Equilibrium to
		 Chaos",
	PUBLISHER = "Springer-Verlag Berlin",
	YEAR = 1994,
	SERIES = "Interdisciplinary Applied Mathematics",
	VOLUME = 5,
	EDITION = 2,
	LOCATION = "TCPW 51/N4-338"
	}

@UNPUBLISHED { Sham00,
	AUTHOR = "L. F. Shampine and S. Thompson",
	TITLE = "Solving delay differential equations with dde23",
	NOTE = "Submitted",
	YEAR = 2000
	}

@ARTICLE { Shay99,
	AUTHOR = "L. P. Shayer and S. A. Campbell", 
	TITLE = "Stability, bifurcation and multistability in a system of two
	         coupled neurons with multiple time delays",
	JOURNAL = "SIAM J. Applied Mathematics",
	VOLUME = 61,
	PAGES = "673--700",
	NUMBER = "2",
	YEAR = 2000
	}

@ARTICLE { Thom97,
	AUTHOR = "S. P. Corwin and D. Sarafyan and S. Thompson",
	TITLE = "{DKLAG6}: A Code Based on Continuously Imbedded Sixth Order 
		{R}unge-{K}utta Methods for the Solution of State Dependent Functional 
		Differential Equations",
	JOURNAL = "Applied Numerical Mathematics",
	VOLUME = 24,
	PAGES = "319--330",
	NUMBER = "2--3",
	YEAR = 1997
	}

@ARTICLE { Hartung97,
AUTHOR = "F. Hartung and J. Turi",
TITLE = "On differentiability of solutions with respect to parameters in state-dependent delay equations",
JOURNAL = "J. Diff. Eqns.",
VOLUME = 135,
YEAR = 1997,
PAGES = "192--237",
}

@ARTICLE { Broka90,
AUTHOR = "M. Brokate and F. Colonius",
TITLE = "Linearizing equations with state-dependent delays",
JOURNAL = "Appl. Math. Optim.",
VOLUME = 21,
YEAR = 1990,
PAGES = "45--52",
}

@ARTICLE { luz01,
AUTHOR = "T. Luzyanina and K. Engelborghs and D. Roose",
TITLE = "Numerical bifurcation analysis of differential equations with state-dependent delay",
JOURNAL = "Internat. J. Bifur. Chaos",
VOLUME = 11,
NUMBER = 3,
YEAR = 2001,
PAGES = "737--754",
}

@ARTICLE { en_d01,
AUTHOR = "K. Engelborghs and E. Doedel",
TITLE = "Stability of piecewise polynomial collocation for computing periodic solutions of delay differential equations",
JOURNAL = "Numerische Mathematik",
YEAR = 2001,
NOTE = "Accepted.",
}

@ARTICLE { engel01,
AUTHOR = "K. Engelborghs and D. Roose",
TITLE = "On stability of {LMS}-methods and characteristic roots of delay differential equations",
JOURNAL = "SIAM J. Num. Analysis",
YEAR = 2001,
NOTE = "Accepted.",
}

@TECHREPORT {tw305,
  AUTHOR = "K. Engelborghs",
  YEAR = {2000},
  TITLE = {{DDE-BIFTOOL}: a {M}atlab package for bifurcation analysis of delay differential equations},
  TYPE = {Report TW},
  NUMBER = {305},
  INSTITUTION = {Department of Computer Science, K.U.Leuven},
  ADDRESS = {Leuven, Belgium},
}
@Article{VLR08,
  author = 	 {K. Verheyden and T. Luzyanina and D. Roose},
  title = 	 {Efficient computation of characteristic roots of delay differential equations using LMS methods,
},
  journal = 	 {Journal of Computational and Applied Mathematics},
  year = 	 2008,
  volume = 	 214,
  pages = 	 {209-226}}
@TECHREPORT{ELS01,
  author = {Engelborghs, K and Luzyanina, T and Samaey, G},
  title = {{{DDE-BIFTOOL} v.2.00{\normalfont\rmfamily :} a {Matlab} package for bifurcation analysis
	of delay differential equations}},
  institution = {Katholieke Universiteit Leuven},
  year = {2001},
  type = {Report TW},
  number = {330}
}
@Article{ELR02,
  author = 	 {K. Engelborghs and T. Luzyanina and D. Roose},
  title = 	 {Numerical bifurcation analysis of delay differential equations using {DDE-BIFTOOL}},
  journal = 	 {ACM Transactions on Mathematical Software},
  year = 	 2002,
  volume = 	 28,
  number = 	 1,
  pages = 	 {1-21}}

@ARTICLE{DGK03,
  author = {Dhooge, A and Govaerts, W and Kuznetsov, Y A},
  title = {{{MatCont}{\normalfont\rmfamily :} A {Matlab} package for numerical bifurcation analysis
	of {ODEs}}},
  journal = {ACM Transactions on Mathematical Software},
  year = {2003},
  volume = {29},
  pages = {141--164},
  number = {2}
}

@book{G00,
  title={Numerical Methods for Bifurcations of Dynamical Equilibria},
  author={Govaerts, W.J.F.},
  series={Miscellaneous Titles in Applied Mathematics Series},
  year={2000},
  publisher={SIAM}
}
@Book{DS13,
  author = 	 {H. Dankowicz and F. Schilder},
  title = 	 {Recipes for Continuation},
  publisher = 	 {SIAM},
  year = 	 2013,
  series = 	 {Computer Science and Engineering}}

@ARTICLE{Gugl07,
AUTHOR = {Guglielmi, N.  and Hairer, E.},
TITLE   = {Stiff delay equations},
YEAR	= 2007,
JOURNAL	= {Scholarpedia},
VOLUME  = 2,
NUMBER  = 11,
PAGES   = 2850
}
@INCOLLECTION{HKWW06,
  author = {F. Hartung and T. Krisztin and H.-O. Walther and J. Wu},
  title = {Functional differential equations with state-dependent delays{\normalfont\rmfamily :}
	Theory and applications},
  booktitle = { Handbook of Differential Equations{\normalfont\rmfamily :} Ordinary Differential Equations},
  publisher = {North-Holland},
  year = {2006},
  editor = {P.~Dr{\'a}bek and A.~Ca{\~n}ada and A.~Fonda},
  volume = {3},
  chapter = {5},
  pages = {435-545}
}
@article{MN11,
title = "Stability of periodic solutions of state-dependent delay-differential equations ",
journal = "Journal of Differential Equations ",
volume = "250",
number = "11",
pages = "4085 - 4103",
year = "2011",
author = "J. Mallet-Paret and R. D. Nussbaum"}

@Article{S12,
  author = 	 {J. Sieber},
  title = 	 {Finding periodic orbits in state-dependent delay differential equations as roots of algebraic equations},
  journal = 	 {Discrete and Continuous Dynamical Systems A},
  year = 	 2012,
  volume = 	 32,
  number =       8,
  pages = 	 {2607-2651}}

@ARTICLE{Barton06,
  author = {D.A.W. Barton and B. Krauskopf and R.E. Wilson},
  title = {{Collocation schemes for periodic solutions of neutral delay differential
	equations}},
  journal = {Journal of Difference Equations and Applications},
  year = {2006},
  volume = {12},
  pages = {1087--1101},
  number = {11}
}
@INCOLLECTION{RS07,
  author = {D. Roose and R. Szalai},
  title = {{Continuation and bifurcation analysis of delay differential equations}},
  booktitle = {Numerical Continuation Methods for Dynamical Systems{\normalfont\rmfamily :} Path following
	and boundary value problems},
  publisher = {Springer-{V}erlag},
  year = {2007},
  editor = {Krauskopf, B and Osinga, H M and Gal\'{a}n-Vioque, J},
  pages = {51--75},
  address = {Dordrecht}
}

@ARTICLE{SSH06,
  author = {Szalai, R. and St\'{e}p\'{a}n, G. and Hogan, S.J.},
  title = {{Continuation of bifurcations in periodic delay differential equations
	using characteristic matrices}},
  journal = {SIAM Journal on Scientific Computing},
  year = {2006},
  volume = {28},
  pages = {1301--1317},
  number = {4}
}

@Article{S13,
  author = 	 {J. Sieber},
  title = 	 {Extended systems for Delay-differential equations as implemented in the extensions to  {DDE}-{B}if{T}ool},
  journal = 	 {Figshare},
  year = 	 2013,
  volume = 	 {\url{http://dx.doi.org/10.6084/m9.figshare.757725}}}

@ARTICLE{YP09,
  author = {Yanchuk, S and Perlikowski, P},
  title = {{Delay and periodicity}},
  journal = {Physical Review E},
  year = {2009},
  volume = {79},
  pages = {46221},
  number = {4}
}

@Article{HDMU12,
  author = 	 {Humphries, A. R. and DeMasi, O. and Magpantay, F. M. and Upham, F.},
  title = 	 {Dynamics of a Delay Differential Equation With Multiple State Dependent Delays},
  journal = 	 {Discrete and Continuous Dynamical Systems A},
  year = 	 2012,
  volume = 	 32,
  number =       8,
  pages = 	 {2701-2727}}

@ARTICLE{LK80,
  author = {Lang, R and Kobayashi, K},
  title = {{External optical feedback effects on semiconductor injection properties}},
  journal = {IEEE J. of Quant. El.},
  year = {1980},
  volume = {16},
  pages = {347--355}
}

@InProceedings{breda09,
  author = 	 {D. Breda and S. Maset and R. Vermiglio},
  title = 	 {{TRACE-DDE}{\normalfont\rmfamily :} a Tool for Robust Analysis and Characteristic Equations for Delay Differential Equations},
  booktitle = {Topics in Time Delay Systems{\normalfont\rmfamily :} Analysis, Algorithms, and Control},
  pages = 	 {145-155},
  year = 	 2009,
  editor = 	 {J.J. Loiseau and W. Michiels and S.-I. Niculescu and R. Sipahi},
  volume = 	 388,
  series = 	 {Lecture Notes in Control and Information Sciences},
  address = 	 {New York},
  publisher = {Springer}}

@MastersThesis{W14,
  author = 	 {Bram Wage},
  title = 	 {Normal form computations for Delay Differential Equations in {DDE-BIFTOOL}},
  school = 	 {Utrecht University},
  year = 	 2014,
  note = 	 {supervised by Y.A. Kuznetsov}}


@Article{RN17Julia,
  author = 	 {Rackauckas, C. and Nie, Q.},
  title = 	 {{DifferentialEquations.jl} - A Performant and Feature-Rich Ecosystem for Solving Differential Equations in {J}ulia},
  journal = 	 {Journal of Open Research Software},
  year = 	 2017,
  volume = 	 5,
  number = 	 1,
  pages = 	 15,
  note = 	 {http://doi.org/10.5334/jors.151}}
