@book{HS13,
author = {Dankowicz, H. and Schilder, F.},
title = {Recipes for Continuation},
publisher = {Society for Industrial and Applied Mathematics},
year = {2013},
doi = {10.1137/1.9781611972573},
address = {Philadelphia, PA}
}